@article{voxelnet,
  author    = {Yin Zhou and
               Oncel Tuzel},
  title     = {VoxelNet: End-to-End Learning for Point Cloud Based 3D Object Detection},
  journal   = {CoRR},
  volume    = {abs/1711.06396},
  year      = {2017},
  url       = {http://arxiv.org/abs/1711.06396},
  archivePrefix = {arXiv},
  eprint    = {1711.06396},
  timestamp = {Mon, 13 Aug 2018 16:46:15 +0200},
  biburl    = {https://dblp.org/rec/bib/journals/corr/abs-1711-06396},
  bibsource = {dblp computer science bibliography, https://dblp.org}
}